<?xml version="1.0" encoding="UTF-8"?><collection xmlns="http://www.loc.gov/MARC21/slim"><record><leader>00449nam--2200133-i-4500</leader><controlfield tag="001">000025500</controlfield><controlfield tag="002">20161230</controlfield><controlfield tag="005">20161230201036</controlfield><controlfield tag="008">060222s1000------------r-----000-0-eng-d</controlfield><datafield ind1=" " ind2=" " tag="080"><subfield code="a">621.52(061.3)</subfield></datafield><datafield ind1=" " ind2=" " tag="245"><subfield code="a">Journees de technologie du vide 1972. versailles, palais des congres, 30 mai au 3 juin 1972</subfield></datafield><datafield ind1=" " ind2=" " tag="260"><subfield code="a">Paris, Societes Francaise Des Ingenieurs Et Techniciens Du Vide, 1972, 293p</subfield></datafield><datafield ind1=" " ind2=" " tag="490"><subfield code="a">Supplement A La Revue `Le Vide`</subfield></datafield><datafield ind1=" " ind2=" " tag="852"><subfield code="a">40752</subfield></datafield></record></collection>